% Encoding: UTF-8
@online{excentis2025,
  author = {{Excentis}},
  title  = {Excentis: Network Testing, Monitoring \& Training},
  year   = {2025},
  url    = {https://www.excentis.com/},
  note   = {Accessed: 2025-01-029}
}

@article{algarni2018performance,
  title     = {Performance evaluation of Xen, KVM, and Proxmox hypervisors},
  author    = {Algarni, Sultan Abdullah and Ikbal, Mohammad Rafi and Alroobaea, Roobaea and Ghiduk, Ahmed S and Nadeem, Farrukh},
  journal   = {International Journal of Open Source Software and Processes (IJOSSP)},
  volume    = {9},
  number    = {2},
  pages     = {39--54},
  year      = {2018},
  publisher = {IGI Global}
}

@article{ally2018comparative,
  title   = {Comparative analysis of proxmox VE and xenserver as type 1 open source based hypervisors},
  author  = {Ally, Said},
  journal = {International Journal of Scientific \& Technology Research},
  volume  = {7},
  number  = {3},
  year    = {2018}
}
@mastersthesis{aravindan2014performance,
  title  = {Performance analysis of an iSCSI block device in virtualized environment},
  author = {Aravindan, Valambal},
  year   = {2014}
}

@inproceedings{binu2011virtualization,
  title        = {Virtualization techniques: a methodical review of XEN and KVM},
  author       = {Binu, A and Kumar, G Santhosh},
  booktitle    = {Advances in Computing and Communications: First International Conference, ACC 2011, Kochi, India, July 22-24, 2011. Proceedings, Part I 1},
  pages        = {399--410},
  year         = {2011},
  organization = {Springer}
}
@misc{device42_2024,
  author = {Device42},
  title  = {Broadcom makes major changes to VMware licensing model},
  year   = {2024},
  month  = {March 21},
  url    = {https://www.device42.com/blog/2024/03/21/broadcom-makes-major-changes-to-vmware-licensing-model/},
  note   = {Accessed: 2024-12-10}
}
@article{dudnik2017creating,
  title     = {Creating a high-availability cluster with two physical servers and virtual machines},
  author    = {Dudnik, Anastasiia},
  year      = {2017},
  publisher = {Kaakkois-Suomen ammattikorkeakoulu}
}
@online{Eaton2019,
  author = {Nick Eaton},
  title  = {Hyper-V Powering Windows Features},
  year   = 2019,
  month  = dec,
  url    = {https://techcommunity.microsoft.com/blog/virtualization/hyper-v-powering-windows-features/1063685},
  note   = {Accessed: 2024-11-14}
}
@article{fayyad2013benchmarking,
  title   = {Benchmarking the performance of Microsoft Hyper-V server, VMWare ESXi and Xen hypervisors},
  author  = {Fayyad-Kazan, Hasan and Perneel, Luc and Timmerman, Martin},
  journal = {Journal of Emerging Trends in Computing and Information Sciences},
  volume  = {4},
  number  = {12},
  pages   = {922--933},
  year    = {2013}
}

@article{griswold2002storage,
  title     = {Storage topologies},
  author    = {Griswold, Robert},
  journal   = {Computer},
  volume    = {35},
  number    = {12},
  pages     = {56--63},
  year      = {2002},
  publisher = {IEEE}
}
@online{Hale2024,
  author  = {Craig Hale},
  title   = {VMware customers are jumping ship as Broadcom sales continue - here's where they're moving to},
  date    = {2024-03-04},
  url     = {https://www.techradar.com/pro/vmware-customers-are-jumping-ship-as-broadcom-sales-continue-heres-where-theyre-moving-to},
  urldate = {2024-03-04}
}

@online{KVM,
  author = {{Linux KVM Project}},
  title  = {Kernel-based Virtual Machine (KVM)},
  year   = 2024,
  url    = {https://linux-kvm.org/page/Main_Page},
  note   = {Accessed: 2024-11-14}
}
@online{loshin2022sas,
  author = {Peter Loshin and Garry Kranz},
  title  = {Serial-Attached SCSI (SAS)},
  year   = {2022},
  url    = {https://www.techtarget.com/searchstorage/definition/serial-attached-SCSI},
  note   = {Accessed: 2025-04-05}
}
@misc{microsoftvmm2025,
  author = {{Microsoft}},
  title  = {System Center Virtual Machine Manager},
  year   = {2025},
  url    = {https://learn.microsoft.com/en-us/system-center/vmm/?view=sc-vmm-2025},
  note   = {Accessed: 2024-12-19}
}
@inproceedings{oleksiuk2023comparative,
  title        = {Comparative Study of the Support of Academic Clouds Based on Apache CloudStack and Proxmox VE Platforms},
  author       = {Oleksiuk, Vasyl and Oleksiuk, Olesia and Spirin, Oleg},
  booktitle    = {Proceedings of the 2nd Myroslav I. Zhaldak Symposium on Advances in Educational Technology-AET},
  volume       = {1},
  pages        = {349--361},
  year         = {2023},
  organization = {SciTePress}
}
@misc{openstack2024,
  author = {{OpenStack}},
  title  = {OpenStack},
  year   = {2024},
  url    = {https://www.openstack.org/},
  note   = {Accessed: 2024-12-19}
}
@online{Proxmox,
  author = {{Proxmox Virtual Environment}},
  title  = {Proxmox Virtual Environment - Overview},
  year   = 2024,
  url    = {https://www.proxmox.com/en/proxmox-virtual-environment/overview},
  note   = {Accessed: 2024-11-14}
}
@online{ProxmoxStorage2025,
  author = {Proxmox Server Solutions},
  title  = {Storage Types - Proxmox VE Wiki},
  year   = {2025},
  url    = {https://pve.proxmox.com/wiki/Storage#_storage_types},
  note   = {Accessed: 2025-03-19}
}
@online{vmware,
  author = {{VMware, Inc.}},
  title  = {VMware: Cloud Computing and Virtualization Technology},
  year   = 2024,
  url    = {https://www.vmware.com/},
  note   = {Accessed: 2024-11-14}
}
@inproceedings{voras2012early,
  title        = {An early comparison of commercial and open-source cloud platforms for scientific environments},
  author       = {Voras, Ivan and Orli{\'c}, Marin and Mihaljevi{\'c}, Branko},
  booktitle    = {Agent and Multi-Agent Systems. Technologies and Applications: 6th KES International Conference, KES-AMSTA 2012, Dubrovnik, Croatia, June 25-27, 2012. Proceedings 6},
  pages        = {164--173},
  year         = {2012},
  organization = {Springer}
}

@misc{xencenter2024,
  author = {{xencenter}},
  title  = {XenCenter Documentation},
  year   = {2024},
  url    = {https://docs.xenserver.com/en-us/xencenter},
  note   = {Accessed: 2024-12-19}
}
@misc{xenproject,
  title  = {Xen Project},
  author = {{The Xen Project}},
  year   = {2024},
  url    = {https://xenproject.org/},
  note   = {Accessed: 2024-11-15}
}
@online{xenserverwebsite,
  title  = {Citrix Hypervisor: Enterprise Virtualization Powered by XenServer},
  author = {{XenServer}},
  year   = {2024},
  url    = {https://www.xenserver.com/},
  note   = {Accessed: 2024-11-15}
}

@inproceedings{joshi2014empirical,
  title        = {Empirical study of virtual disks performance with KVM on DAS},
  author       = {Joshi, Gauri and Shingade, ST and Shirole, MR},
  booktitle    = {2014 International Conference on Advances in Engineering \& Technology Research (ICAETR-2014)},
  pages        = {1--8},
  year         = {2014},
  organization = {IEEE}
}
@article{park2024performance,
  title     = {Performance Evaluation of Large-scale Storage Systems with iSCSI for Big Data},
  author    = {Park, Jung Kyu and Baek, Youngmi},
  journal   = {Journal of the Korean Society of Industry Convergence},
  volume    = {27},
  number    = {6\_1},
  pages     = {1373--1380},
  year      = {2024},
  publisher = {The Korean Society of Industry Convergence}
}
@online{ibm2025san,
  author       = {{IBM}},
  title        = {Storage Area Network (SAN)},
  year         = {2025},
  url          = {https://www.ibm.com/think/topics/storage-area-network},
  note         = {Accessed: 2025-04-01},
  organization = {IBM}
}
@article{patil2010unified,
  title     = {Unified Virtual Storage: virtualisation of distributed storage in a network},
  author    = {Patil, KN Honwadkar SV and Honwadkar, KN},
  journal   = {International Journal of Computer Applications},
  volume    = {1},
  number    = {22},
  pages     = {28--31},
  year      = {2010},
  publisher = {Citeseer}
}
@book{hogan2016essential,
  title     = {Essential Virtual SAN (VSAN): Administrator's Guide to VMware Virtual SAN},
  author    = {Hogan, Cormac and Epping, Duncan},
  year      = {2016},
  publisher = {VMware Press}
}
@inproceedings{weil2006ceph,
  title     = {Ceph: A scalable, high-performance distributed file system},
  author    = {Weil, Sage and Brandt, Scott A and Miller, Ethan L and Long, Darrell DE and Maltzahn, Carlos},
  booktitle = {Proceedings of the 7th Conference on Operating Systems Design and Implementation (OSDI'06)},
  pages     = {307--320},
  year      = {2006}
}
@article{el2021server,
  title  = {Server virtualization: Para-and full virtualization: XenServer vs. KVM},
  author = {El-Anani, Bashar Ramadan},
  year   = {2021}
}
@misc{proxmoxHA,
  author = {{Proxmox VE}},
  title  = {High Availability Cluster - Proxmox VE},
  year   = 2019,
  url    = {https://pve.proxmox.com/wiki/High_Availability_Cluster},
  note   = {Geraadpleegd op 11 mei 2025}
}
@misc{truenas,
  author = {{iXsystems, Inc.}},
  title  = {TrueNAS | Open Storage for Everyone},
  year   = 2024,
  url    = {https://www.truenas.com/},
  note   = {Geraadpleegd op 11 mei 2025}
}
@inproceedings{callegati2014performance,
  title        = {Performance of Network Virtualization in cloud computing infrastructures: The OpenStack case},
  author       = {Callegati, Franco and Cerroni, Walter and Contoli, Chiara and Santandrea, Giuliano},
  booktitle    = {2014 IEEE 3rd International Conference on Cloud Networking (CloudNet)},
  pages        = {132--137},
  year         = {2014},
  organization = {IEEE}
}
@online{stonefly2023fcvsiscsi,
  author       = {{StoneFly, Inc.}},
  title        = {FC SAN vs iSCSI SAN: Whatâ€™s the Difference?},
  year         = {2023},
  url          = {https://stonefly.com/blog/iscsi-vs-fc-san-what-is-the-difference/},
  note         = {Geraadpleegd op 16 mei 2025},
  organization = {StoneFly}
}
@online{eetimesSAS,
  author       = {Harry Mason},
  title        = {Serial Attached SCSI Storage Moves Ahead in Network Server Designs},
  year         = {2009},
  url          = {https://www.eetimes.com/serial-attached-scsi-storage-moves-ahead-in-network-server-designs/},
  note         = {Geraadpleegd op 16 mei 2025},
  organization = {EE Times}
}
@online{loshinKranzSAS,
  author       = {Peter Loshin},
  title        = {Serial-Attached SCSI (SAS)},
  year         = {2022},
  url          = {https://www.techtarget.com/searchstorage/definition/serial-attached-SCSI},
  note         = {Geraadpleegd op 16 mei 2025},
  organization = {TechTarget}
}
@online{kernsafeVMware,
  author       = {{KernSafe Technologies}},
  title        = {iSCSI SAN for VMware Products - vSphere, VMware ESX and ESXi},
  year         = {n.d.},
  url          = {https://www.kernsafe.com/solution/iscsi-san/iscsi-san-for-vmware.aspx},
  note         = {Geraadpleegd op 16 mei 2025},
  organization = {KernSafe}
}
@online{networkwalksStorage,
  author       = {{NetworkWalks}},
  title        = {Storage Types â€“ DAS, NAS and SAN},
  year         = {n.d.},
  url          = {https://networkwalks.com/storage-types-das-nas-san/},
  note         = {Geraadpleegd op 16 mei 2025},
  organization = {NetworkWalks}
}
@online{pb2022storage,
  author       = {PB},
  title        = {How Does Storage Work in Distributed Systems?},
  year         = {2022},
  url          = {https://medium.com/systemdesign-us-blog/how-does-storage-work-in-distributed-systems-fde890e88a7f},
  note         = {Geraadpleegd op 16 mei 2025},
  organization = {Medium},
  urldate      = {2025-05-16}
}
@online{vates_xostor,
  author  = {Vates},
  title   = {XOSTOR - Software Based Hyperconverged Virtual Infrastructure},
  year    = {2025},
  url     = {https://vates.tech/xostor/},
  urldate = {2025-05-24},
  note    = {Geraadpleegd op 19 mei 2025}
}
@online{xostor-docs,
  author = {Vates},
  title  = {XOSTOR Documentation},
  year   = {2025},
  url    = {https://docs.xcp-ng.org/xostor/},
  note   = {Geraadpleegd op 19 mei 2025}
}
@online{dick2023xcpng,
  author       = {Stephen Dick},
  title        = {How to Install XCP-NG and Xen Orchestra (XOA)},
  year         = {2023},
  date         = {2023-02-01},
  url          = {https://www.stephendick.tech/xcpng/how-to-install-xcp-ng},
  note         = {Geraadpleegd op 20 mei 2025},
  organization = {Stephen Dick Tech}
}
@online{tekmart2020nasvsdas,
  author       = {T-Blog Editor},
  title        = {Top Five Reasons to Choose NAS vs. DAS},
  year         = {2020},
  date         = {2020-09-01},
  url          = {https://tekmart.co.za/t-blog/top-five-reasons-to-choose-nas-vs-das/},
  note         = {Geraadpleegd op 25 mei 2025},
  organization = {Tekmart Enterprise Hardware Tips}
}
@misc{rendek2018iso,
  author = {Lubos Rendek},
  title  = {How to add ISO image storage repository on XenServer Linux},
  year   = {2018},
  month  = aug,
  url    = {https://linuxconfig.org/how-to-add-iso-image-storage-repository-on-xenserver-7-linux},
  note   = {Accessed: 2025-05-25}
}
@online{kubevirt,
  author = {KubeVirt Contributors},
  title  = {KubeVirt User Guide},
  year   = {2025},
  url    = {https://kubevirt.io/user-guide/},
  note   = {Accessed: 2025-05-27}
}