% Encoding: UTF-8


@online{Hale2024,
  author    = {Craig Hale},
  title     = {VMware customers are jumping ship as Broadcom sales continue - here's where they're moving to},
  date      = {2024-03-04},
  url       = {https://www.techradar.com/pro/vmware-customers-are-jumping-ship-as-broadcom-sales-continue-heres-where-theyre-moving-to},
  urldate   = {2024-03-04}
}
@online{vmware,
    author       = {{VMware, Inc.}},
    title        = {VMware: Cloud Computing and Virtualization Technology},
    year         = 2024,
    url          = {https://www.vmware.com/},
    note         = {Accessed: 2024-11-14}
}

@online{KVM,
    author    = {{Linux KVM Project}},
    title     = {Kernel-based Virtual Machine (KVM)},
    year      = 2024,
    url       = {https://linux-kvm.org/page/Main_Page},
    note      = {Accessed: 2024-11-14}
}
@article{fayyad2013benchmarking,
  title={Benchmarking the performance of Microsoft Hyper-V server, VMWare ESXi and Xen hypervisors},
  author={Fayyad-Kazan, Hasan and Perneel, Luc and Timmerman, Martin},
  journal={Journal of Emerging Trends in Computing and Information Sciences},
  volume={4},
  number={12},
  pages={922--933},
  year={2013}
}
@online{Eaton2019,
    author    = {Nick Eaton},
    title     = {Hyper-V Powering Windows Features},
    year      = 2019,
    month     = dec,
    url       = {https://techcommunity.microsoft.com/blog/virtualization/hyper-v-powering-windows-features/1063685},
    note      = {Accessed: 2024-11-14}
}
@online{Proxmox,
    author    = {{Proxmox Virtual Environment}},
    title     = {Proxmox Virtual Environment - Overview},
    year      = 2024,
    url       = {https://www.proxmox.com/en/proxmox-virtual-environment/overview},
    note      = {Accessed: 2024-11-14}
}
@misc{xenproject,
  title        = {Xen Project},
  author       = {{The Xen Project}},
  year         = {2024},
  url          = {https://xenproject.org/},
  note         = {Accessed: 2024-11-15}
}

@article{ally2018comparative,
  title={Comparative analysis of proxmox VE and xenserver as type 1 open source based hypervisors},
  author={Ally, Said},
  journal={International Journal of Scientific \& Technology Research},
  volume={7},
  number={3},
  year={2018}
}
@inproceedings{binu2011virtualization,
  title={Virtualization techniques: a methodical review of XEN and KVM},
  author={Binu, A and Kumar, G Santhosh},
  booktitle={Advances in Computing and Communications: First International Conference, ACC 2011, Kochi, India, July 22-24, 2011. Proceedings, Part I 1},
  pages={399--410},
  year={2011},
  organization={Springer}
}
@inproceedings{voras2012early,
  title={An early comparison of commercial and open-source cloud platforms for scientific environments},
  author={Voras, Ivan and Orli{\'c}, Marin and Mihaljevi{\'c}, Branko},
  booktitle={Agent and Multi-Agent Systems. Technologies and Applications: 6th KES International Conference, KES-AMSTA 2012, Dubrovnik, Croatia, June 25-27, 2012. Proceedings 6},
  pages={164--173},
  year={2012},
  organization={Springer}
}
@article{griswold2002storage,
  title={Storage topologies},
  author={Griswold, Robert},
  journal={Computer},
  volume={35},
  number={12},
  pages={56--63},
  year={2002},
  publisher={IEEE}
}
@mastersthesis{aravindan2014performance,
  title={Performance analysis of an iSCSI block device in virtualized environment},
  author={Aravindan, Valambal},
  year={2014}
}
@misc{device42_2024,
  author       = {Device42},
  title        = {Broadcom makes major changes to VMware licensing model},
  year         = {2024},
  month        = {March 21},
  url          = {https://www.device42.com/blog/2024/03/21/broadcom-makes-major-changes-to-vmware-licensing-model/},
  note         = {Accessed: 2024-12-10}
}
@misc{openstack2024,
  author = {{OpenStack}},
  title = {OpenStack},
  year = {2024},
  url = {https://www.openstack.org/},
  note = {Accessed: 2024-12-19}
}
@inproceedings{oleksiuk2023comparative,
  title={Comparative Study of the Support of Academic Clouds Based on Apache CloudStack and Proxmox VE Platforms},
  author={Oleksiuk, Vasyl and Oleksiuk, Olesia and Spirin, Oleg},
  booktitle={Proceedings of the 2nd Myroslav I. Zhaldak Symposium on Advances in Educational Technology-AET},
  volume={1},
  pages={349--361},
  year={2023},
  organization={SciTePress}
}
@misc{microsoftvmm2025,
  author = {{Microsoft}},
  title = {System Center Virtual Machine Manager},
  year = {2025},
  url = {https://learn.microsoft.com/en-us/system-center/vmm/?view=sc-vmm-2025},
  note = {Accessed: 2024-12-19}
}
@misc{xencenter2024,
  author = {{XenServer}},
  title = {XenCenter Documentation},
  year = {2024},
  url = {https://docs.xenserver.com/en-us/xencenter},
  note = {Accessed: 2024-12-19}
}
@article{dudnik2017creating,
  title={Creating a high-availability cluster with two physical servers and virtual machines},
  author={Dudnik, Anastasiia},
  year={2017},
  publisher={Kaakkois-Suomen ammattikorkeakoulu}
}


@Comment{jabref-meta: databaseType:biblatex;}
